@article{DBLP:journals/corr/HeGDG17,
  author        = {Kaiming He and
               Georgia Gkioxari and
               Piotr Doll{\'{a}}r and
               Ross B. Girshick},
  title         = {Mask {R-CNN}},
  journal       = {CoRR},
  volume        = {abs/1703.06870},
  year          = {2017},
  url           = {http://arxiv.org/abs/1703.06870},
  archiveprefix = {arXiv},
  eprint        = {1703.06870},
  timestamp     = {Mon, 13 Aug 2018 16:46:36 +0200},
  biburl        = {https://dblp.org/rec/journals/corr/HeGDG17.bib},
  bibsource     = {dblp computer science bibliography, https://dblp.org}
}

@misc{matterport_maskrcnn_2017,
  title        = {Mask R-CNN for object detection and instance segmentation on Keras and TensorFlow},
  author       = {Waleed Abdulla},
  year         = {2017},
  publisher    = {Github},
  journal      = {GitHub repository},
  howpublished = {\url{https://github.com/matterport/Mask_RCNN}}
}

@article{DBLP:journals/corr/EmersicSP16,
  author        = {Ziga Emersic and
               Vitomir Struc and
               Peter Peer},
  title         = {Ear Recognition: More Than a Survey},
  journal       = {CoRR},
  volume        = {abs/1611.06203},
  year          = {2016},
  url           = {http://arxiv.org/abs/1611.06203},
  archiveprefix = {arXiv},
  eprint        = {1611.06203},
  timestamp     = {Mon, 13 Aug 2018 16:48:52 +0200},
  biburl        = {https://dblp.org/rec/journals/corr/EmersicSP16.bib},
  bibsource     = {dblp computer science bibliography, https://dblp.org}
}

@misc{github,
  title   = {Mask RCNN},
  url     = {https://github.com/HitkoDev/Mask_RCNN},
  journal = {GitHub},
  author  = {Novak, Marko}
} 
